<?xml version="1.0" encoding="UTF-8"?>
<record xmlns="http://www.loc.gov/MARC21/slim" xmlns:xsi="http://www.w3.org/2001/XMLSchema-instance" xsi:schemaLocation="http://www.loc.gov/MARC21/slim http://www.loc.gov/standards/marcxml/schema/MARC21slim.xsd">
<leader>00000cam a22      a 4500</leader>
<controlfield tag="001">002011699</controlfield>
<controlfield tag="003">NNU</controlfield>
<controlfield tag="005">20150611174641.0</controlfield>
<controlfield tag="008">880810s1986    ir       b    001 0 arard</controlfield>
<datafield tag="010" ind1=" " ind2=" ">
<subfield code="a">   89930190</subfield>
</datafield>
<datafield tag="035" ind1=" " ind2=" ">
<subfield code="a">(OCoLC)25688399</subfield>
</datafield>
<datafield tag="040" ind1=" " ind2=" ">
<subfield code="a">PUL</subfield>
<subfield code="b">eng</subfield>
<subfield code="c">PUL</subfield>
<subfield code="d">OSU</subfield>
<subfield code="d">OCLCG</subfield>
<subfield code="d">CUY</subfield>
<subfield code="d">DLC</subfield>
<subfield code="d">OCLCQ</subfield>
<subfield code="d">OCLCO</subfield>
<subfield code="d">NNU</subfield>
</datafield>
<datafield tag="050" ind1=" " ind2="4">
<subfield code="a">K40.M6</subfield>
<subfield code="b">S535 1986</subfield>
</datafield>
<datafield tag="100" ind1="1" ind2=" ">
<subfield code="a">Shahīd al-Thānī, Zayn al-Dīn ibn ʻAlī,</subfield>
<subfield code="d">1506-1559</subfield>
<subfield code="6">880-01</subfield>
</datafield>
<datafield tag="245" ind1="1" ind2="0">
<subfield code="6">880-02</subfield>
<subfield code="a">Musakkin al-fuʼād ʻinda faqd al-aḥibbah wa-al-awlād /</subfield>
<subfield code="c">taʼlīf al-Shahīd al-Thānī Zayn al-Dīn ʻAlī ibn Aḥmad al-Jabʻī al-ʻĀmilī ; taḥqiq Muʼassasat Āl al-Bayt li-Iḥyāʼ al-Turāth.</subfield>
</datafield>
<datafield tag="250" ind1=" " ind2=" ">
<subfield code="6">880-03</subfield>
<subfield code="a">al-Ṭabʻah 1.</subfield>
</datafield>
<datafield tag="260" ind1=" " ind2=" ">
<subfield code="6">880-04</subfield>
<subfield code="a">Qum :</subfield>
<subfield code="b">Muʼassasat Āl al-Bayt li-Iḥyāʼ al-Turāth,</subfield>
<subfield code="c">1407 [1986 or 1987]</subfield>
</datafield>
<datafield tag="300" ind1=" " ind2=" ">
<subfield code="a">160 pages ;</subfield>
<subfield code="c">25 cm.</subfield>
</datafield>
<datafield tag="336" ind1=" " ind2=" ">
<subfield code="a">text</subfield>
<subfield code="b">txt</subfield>
<subfield code="2">rdacontent</subfield>
</datafield>
<datafield tag="337" ind1=" " ind2=" ">
<subfield code="a">unmediated</subfield>
<subfield code="b">n</subfield>
<subfield code="2">rdamedia</subfield>
</datafield>
<datafield tag="338" ind1=" " ind2=" ">
<subfield code="a">volume</subfield>
<subfield code="b">nc</subfield>
<subfield code="2">rdacarrier</subfield>
</datafield>
<datafield tag="490" ind1="1" ind2=" ">
<subfield code="6">880-05</subfield>
<subfield code="a">Silsilat maṣādir Biḥār al-anwār ;</subfield>
<subfield code="v">2</subfield>
</datafield>
<datafield tag="490" ind1="1" ind2=" ">
<subfield code="6">880-06</subfield>
<subfield code="a">Muʼassasat Āl al-Bayt li-Iḥyāʼ al-Turāth ;</subfield>
<subfield code="v">37</subfield>
</datafield>
<datafield tag="504" ind1=" " ind2=" ">
<subfield code="a">Includes bibliographical references (pages 152-158) and indexes.</subfield>
</datafield>
<datafield tag="650" ind1=" " ind2="0">
<subfield code="a">Muslim children</subfield>
<subfield code="x">Death.</subfield>
</datafield>
<datafield tag="650" ind1=" " ind2="0">
<subfield code="a">Death</subfield>
<subfield code="x">Religious aspects</subfield>
<subfield code="x">Islam.</subfield>
</datafield>
<datafield tag="776" ind1="0" ind2="8">
<subfield code="i">Online version:</subfield>
<subfield code="a">Shahīd al-Thānī, Zayn al-Dīn ibn ʻAlī, 1506-1559.</subfield>
<subfield code="t">Musakkin al-fuʼād ʻinda faqd al-aḥibbah wa-al-awlād.</subfield>
<subfield code="b">al-Ṭabʻah 1.</subfield>
<subfield code="d">Qum : Muʼassasat Āl al-Bayt li-Iḥyāʼ al-Turāth, 1407 [1986 or 1987]</subfield>
<subfield code="w">(OCoLC)639351870</subfield>
</datafield>
<datafield tag="880" ind1="1" ind2=" ">
<subfield code="6">100-01/</subfield>
<subfield code="a">شهيد الثاني، زين الدين بن علي،</subfield>
<subfield code="d">1506-1559.</subfield>
</datafield>
<datafield tag="880" ind1="1" ind2="0">
<subfield code="6">245-02/</subfield>
<subfield code="a">مسكن الفؤاد عند فقد الاحبة والاولاد /</subfield>
<subfield code="c">تأليف الشهيد الثاني زين الدين علي بن احمد الجبعي العاملي ؛ تحقق مؤسسة آل البيت لااحياء التراث.</subfield>
</datafield>
<datafield tag="880" ind1=" " ind2=" ">
<subfield code="6">250-03/</subfield>
<subfield code="a">الطبعة 1.</subfield>
</datafield>
<datafield tag="880" ind1=" " ind2=" ">
<subfield code="6">260-04/</subfield>
<subfield code="a">قم :</subfield>
<subfield code="b">مؤسسة آل البيت لااحياء التراث،</subfield>
<subfield code="c">1407 [1986 or 1987]</subfield>
</datafield>
<datafield tag="880" ind1="1" ind2=" ">
<subfield code="6">490-05/</subfield>
<subfield code="a">سلسلة مصادر بحار الانوار ؛</subfield>
<subfield code="v">2</subfield>
</datafield>
<datafield tag="880" ind1="1" ind2=" ">
<subfield code="6">490-06/</subfield>
<subfield code="a">مؤسسة آل البيت لااحياء التراث ؛</subfield>
<subfield code="v">37</subfield>
</datafield>
<datafield tag="830" ind1=" " ind2="0">
<subfield code="6">880-07</subfield>
<subfield code="a">Silsilat maṣādir Biḥār al-anwār ;</subfield>
<subfield code="v">2.</subfield>
</datafield>
<datafield tag="880" ind1=" " ind2="0">
<subfield code="6">830-07/</subfield>
<subfield code="a">سلسلة مصادر بحار الانوار ؛</subfield>
<subfield code="v">2.</subfield>
</datafield>
<datafield tag="830" ind1=" " ind2="0">
<subfield code="6">880-08</subfield>
<subfield code="a">Muʼassasat Āl al-Bayt li-Iḥyāʼ al-Turāth (Series) ;</subfield>
<subfield code="v">37.</subfield>
</datafield>
<datafield tag="880" ind1=" " ind2="0">
<subfield code="6">830-08/</subfield>
<subfield code="a">مؤسسة آل البيت لااحياء التراث (سلسة) ؛</subfield>
<subfield code="v">37.</subfield>
</datafield>
<datafield tag="OWN" ind1=" " ind2=" ">
<subfield code="a">GENERAL</subfield>
</datafield>
<datafield tag="AVA" ind1=" " ind2=" ">
<subfield code="a">NYU50</subfield>
<subfield code="b">BOBST</subfield>
<subfield code="c">Main Collection</subfield>
<subfield code="d">BP173.3 .S42 1986</subfield>
<subfield code="e">unavailable</subfield>
<subfield code="t">Unavailable</subfield>
<subfield code="f">1</subfield>
<subfield code="g">1</subfield>
<subfield code="h">N</subfield>
<subfield code="i">0</subfield>
<subfield code="j">MAIN</subfield>
<subfield code="k">0</subfield>
</datafield>
</record>
